@article{ATLAS:2024lyh,
    author = "Aad, Georges and others",
    collaboration = "ATLAS",
    title = "{Interpretations of the ATLAS measurements of Higgs boson production and decay rates and differential cross-sections in $pp$ collisions at $\sqrt{s}=13$ TeV}",
    eprint = "2402.05742",
    archivePrefix = "arXiv",
    primaryClass = "hep-ex",
    reportNumber = "CERN-EP-2024-017",
    month = "2",
    year = "2024",
    subtitle = "\href{https://atlas.web.cern.ch/Atlas/GROUPS/PHYSICS/PAPERS/HIGG-2022-17/}{HIGG-2022-17}"
}
@article{LHCHiggsCrossSectionWorkingGroup:2016ypw,
    author = "de Florian, D. and others",
    collaboration = "LHC Higgs Cross Section Working Group",
    title = "{Handbook of LHC Higgs Cross Sections: 4. Deciphering the Nature of the Higgs Sector}",
    eprint = "1610.07922",
    archivePrefix = "arXiv",
    primaryClass = "hep-ph",
    reportNumber = "CERN-2017-002-M, CERN-2017-002",
    doi = "10.23731/CYRM-2017-002",
    volume = "2/2017",
    month = "10",
    year = "2016"
}
@article{Berger:2019wnu,
    author = "Berger, Nicolas and others",
    title = "{Simplified Template Cross Sections - Stage 1.1}",
    eprint = "1906.02754",
    archivePrefix = "arXiv",
    primaryClass = "hep-ph",
    reportNumber = "LHCHXSWG-2019-003, DESY-19-070",
    month = "6",
    year = "2019"
}
@article{ATLAS:2022tnm,
    author = "Aad, Georges and others",
    collaboration = "ATLAS",
    title = "{Measurement of the properties of Higgs boson production at $\sqrt{s} = 13$ TeV in the $H\to\gamma\gamma$ channel using $139$ fb$^{-1}$ of $pp$ collision data with the ATLAS experiment}",
    eprint = "2207.00348",
    archivePrefix = "arXiv",
    primaryClass = "hep-ex",
    reportNumber = "CERN-EP-2022-094",
    doi = "10.1007/JHEP07(2023)088",
    journal = "JHEP",
    volume = "07",
    pages = "088",
    year = "2023"
}
@article{ATLAS:2022yrq,
    author = "Aad, Georges and others",
    collaboration = "ATLAS",
    title = "{Measurements of Higgs boson production cross-sections in the~$H\to\tau^{+}\tau^{-}$ decay channel in pp collisions at $ \sqrt{s} $ = 13 TeV with the ATLAS detector}",
    eprint = "2201.08269",
    archivePrefix = "arXiv",
    primaryClass = "hep-ex",
    reportNumber = "CERN-EP-2021-217",
    doi = "10.1007/JHEP08(2022)175",
    journal = "JHEP",
    volume = "08",
    pages = "175",
    year = "2022"
}
@article{ATLAS:2022ooq,
    author = "Aad, Georges and others",
    collaboration = "ATLAS",
    title = "{Measurements of Higgs boson production by gluon-gluon fusion and vector-boson fusion using $H\rightarrow W W^* \rightarrow e\nu \mu\nu$ decays in $pp$ collisions at $\sqrt{s}=13$ TeV with the ATLAS detector}",
    eprint = "2207.00338",
    archivePrefix = "arXiv",
    primaryClass = "hep-ex",
    reportNumber = "CERN-EP-2022-078",
    doi = "10.1103/PhysRevD.108.032005",
    journal = "Phys. Rev. D",
    volume = "108",
    pages = "032005",
    year = "2023"
}
@article{ATLAS:2020fcp,
    author = "Aad, Georges and others",
    collaboration = "ATLAS",
    title = "{Measurements of $WH$ and $ZH$ production in the $H \rightarrow b\bar{b}$ decay channel in $pp$ collisions at 13 TeV with the ATLAS detector}",
    eprint = "2007.02873",
    archivePrefix = "arXiv",
    primaryClass = "hep-ex",
    reportNumber = "CERN-EP-2020-087",
    doi = "10.1140/epjc/s10052-020-08677-2",
    journal = "Eur. Phys. J. C",
    volume = "81",
    number = "2",
    pages = "178",
    year = "2021"
}
@article{ATLAS:2020jwz,
    author = "Aad, Georges and others",
    collaboration = "ATLAS",
    title = "{Measurement of the associated production of a Higgs boson decaying into $b$-quarks with a vector boson at high transverse momentum in $pp$ collisions at $\sqrt{s} = 13$ TeV with the ATLAS detector}",
    eprint = "2008.02508",
    archivePrefix = "arXiv",
    primaryClass = "hep-ex",
    reportNumber = "CERN-EP-2020-093",
    doi = "10.1016/j.physletb.2021.136204",
    journal = "Phys. Lett. B",
    volume = "816",
    pages = "136204",
    year = "2021"
}
@article{ATLAS:2020bhl,
    author = "Aad, Georges and others",
    collaboration = "ATLAS",
    title = "{Measurements of Higgs bosons decaying to bottom quarks from vector boson fusion production with the ATLAS experiment at $\sqrt{s}=13\,\text {TeV}$}",
    eprint = "2011.08280",
    archivePrefix = "arXiv",
    primaryClass = "hep-ex",
    reportNumber = "CERN-EP-2020-195",
    doi = "10.1140/epjc/s10052-021-09192-8",
    journal = "Eur. Phys. J. C",
    volume = "81",
    number = "6",
    pages = "537",
    year = "2021"
}
@article{ATLAS:2021tbi,
    author = "Aad, Georges and others",
    collaboration = "ATLAS",
    title = "{Constraints on Higgs boson production with large transverse momentum using H\textrightarrow{}bb\textasciimacron{} decays in the ATLAS detector}",
    eprint = "2111.08340",
    archivePrefix = "arXiv",
    primaryClass = "hep-ex",
    reportNumber = "CERN-EP-2021-185",
    doi = "10.1103/PhysRevD.105.092003",
    journal = "Phys. Rev. D",
    volume = "105",
    number = "9",
    pages = "092003",
    year = "2022"
}
@article{ATLAS:2021qou,
    author = "Aad, Georges and others",
    collaboration = "ATLAS",
    title = "{Measurement of Higgs boson decay into $b$-quarks in associated production with a top-quark pair in $pp$ collisions at $\sqrt{s}=13$ TeV with the ATLAS detector}",
    eprint = "2111.06712",
    archivePrefix = "arXiv",
    primaryClass = "hep-ex",
    reportNumber = "CERN-EP-2021-202",
    doi = "10.1007/JHEP06(2022)097",
    journal = "JHEP",
    volume = "06",
    pages = "097",
    year = "2022"
}
@inproceedings{Andersen:2016qtm,
    author = "Andersen, J. R. and others",
    title = "{Les Houches 2015: Physics at TeV Colliders Standard Model Working Group Report}",
    booktitle = "{9th Les Houches Workshop on Physics at TeV Colliders}",
    eprint = "1605.04692",
    archivePrefix = "arXiv",
    primaryClass = "hep-ph",
    reportNumber = "FERMILAB-CONF-16-175-PPD-T",
    month = "5",
    year = "2016"
}
@Thesis{thesis:bn,
    author = "Nguyen Dang Bao Nhi",
    title = "{Constraints on Higgs couplings using data from ATLAS and CMS experiments}",
    institution = "{University of Science- VNU-HCM}",
    type        = "{Master thesis}",
    year = {2023}
}
@online{stage12,
  author  = {},
  title   = {LHCHXSWGFiducialAndSTXS},
  year    = 2024,
  url     = {https://twiki.cern.ch/twiki/bin/view/LHCPhysics/LHCHWGFiducialAndSTXS?redirectedfrom=LHCPhysics.LHCHXSWGFiducialAndSTXS#Bin_definitions},
}
@online{mle,
  author  = {},
  title   = {},
  year    = 2024,
  url     = {https://people.eecs.berkeley.edu/%7Ejordan/courses/260-spring10/other-readings/chapter13.pdf},
}
@article{ATLAS:2020naq,
    collaboration = "ATLAS",
    title = "{Interpretations of the combined measurement of Higgs boson production and decay}",
    reportNumber = "ATLAS-CONF-2020-053",
    month = "10",
    year = "2020",
    subtitle = "\href{https://atlas.web.cern.ch/Atlas/GROUPS/PHYSICS/PAPERS/ATLAS-CONF-2020-053/}{ATLAS-CONF-2020-053}"
}
@article{ATLAS:2021vrm,
    collaboration = "ATLAS",
    title = "{Combined measurements of Higgs boson production and decay using up to $139$ fb$^{-1}$ of proton-proton collision data at $\sqrt{s}= 13$ TeV collected with the ATLAS experiment}",
    reportNumber = "ATLAS-CONF-2021-053",
    year = "2021",
    subtitle = "\href{https://atlas.web.cern.ch/Atlas/GROUPS/PHYSICS/PAPERS/ATLAS-CONF-2021-053/}{ATLAS-CONF-2120-053}"
}
@book{Cowan:1998ji,
    author = "Cowan, G.",
    title = "{Statistical data analysis}",
    isbn = "978-0-19-850156-5",
    year = "1998",
    publisher = "Clarendon Press, Oxford U.K"
}
@book{Cowan:1998ji,
    author = "Cowan, G.",
    title = "{Statistical data analysis}",
    isbn = "978-0-19-850156-5",
    year = "1998"
}
@article{Grzadkowski:2010es,
    author = "Grzadkowski, B. and Iskrzynski, M. and Misiak, M. and Rosiek, J.",
    title = "{Dimension-Six Terms in the Standard Model Lagrangian}",
    eprint = "1008.4884",
    archivePrefix = "arXiv",
    primaryClass = "hep-ph",
    reportNumber = "IFT-9-2010, TTP10-35",
    doi = "10.1007/JHEP10(2010)085",
    journal = "JHEP",
    volume = "10",
    pages = "085",
    year = "2010"
}
@article{ATLAS:2020rej,
    author = "Aad, Georges and others",
    collaboration = "ATLAS",
    title = "{Higgs boson production cross-section measurements and their EFT interpretation in the $4\ell $ decay channel at $\sqrt{s}=$13 TeV with the ATLAS detector}",
    eprint = "2004.03447",
    archivePrefix = "arXiv",
    primaryClass = "hep-ex",
    reportNumber = "CERN-EP-2020-034",
    doi = "10.1140/epjc/s10052-020-8227-9",
    journal = "Eur. Phys. J. C",
    volume = "80",
    number = "10",
    pages = "957",
    year = "2020",
    note = "[Erratum: Eur.Phys.J.C 81, 29 (2021), Erratum: Eur.Phys.J.C 81, 398 (2021)]"
}
@article{Alonso:2013hga,
    author = "Alonso, Rodrigo and Jenkins, Elizabeth E. and Manohar, Aneesh V. and Trott, Michael",
    title = "{Renormalization Group Evolution of the Standard Model Dimension Six Operators III: Gauge Coupling Dependence and Phenomenology}",
    eprint = "1312.2014",
    archivePrefix = "arXiv",
    primaryClass = "hep-ph",
    reportNumber = "CERN-PH-TH-2013-305, CERN-PH-TH/2013-305",
    doi = "10.1007/JHEP04(2014)159",
    journal = "JHEP",
    volume = "04",
    pages = "159",
    year = "2014"
}
@article{Weinberg:1979sa,
    author = "Weinberg, Steven",
    title = "{Baryon and Lepton Nonconserving Processes}",
    reportNumber = "HUTP-79-A050",
    doi = "10.1103/PhysRevLett.43.1566",
    journal = "Phys. Rev. Lett.",
    volume = "43",
    pages = "1566--1570",
    year = "1979"
}
@article{Dawson:2018liq,
    author = "Dawson, Sally and Giardino, Pier Paolo",
    title = "{Electroweak corrections to Higgs boson decays to $\gamma\gamma$ and $W^+W^-$ in standard model EFT}",
    eprint = "1807.11504",
    archivePrefix = "arXiv",
    primaryClass = "hep-ph",
    doi = "10.1103/PhysRevD.98.095005",
    journal = "Phys. Rev. D",
    volume = "98",
    number = "9",
    pages = "095005",
    year = "2018"
}
@article{Brivio:2019myy,
    author = "Brivio, Ilaria and Corbett, Tyler and Trott, Michael",
    title = "{The Higgs width in the SMEFT}",
    eprint = "1906.06949",
    archivePrefix = "arXiv",
    primaryClass = "hep-ph",
    doi = "10.1007/JHEP10(2019)056",
    journal = "JHEP",
    volume = "10",
    pages = "056",
    year = "2019"
}
@article{Aguilar-Saavedra:2018ksv,
    author = "Barducci, D. and others",
    editor = "Aguilar-Saavedra, Juan Antonio and Degrande, C. and Durieux, G. and Maltoni, F. and Vryonidou, E. and Zhang, C.",
    title = "{Interpreting top-quark LHC measurements in the standard-model effective field theory}",
    eprint = "1802.07237",
    archivePrefix = "arXiv",
    primaryClass = "hep-ph",
    reportNumber = "CERN-LPCC-2018-01",
    month = "2",
    year = "2018"
}
@article{LHCHiggsCrossSectionWorkingGroup:2016ypw,
    author = "de Florian, D. and others",
    collaboration = "LHC Higgs Cross Section Working Group",
    title = "{Handbook of LHC Higgs Cross Sections: 4. Deciphering the Nature of the Higgs Sector}",
    eprint = "1610.07922",
    archivePrefix = "arXiv",
    primaryClass = "hep-ph",
    reportNumber = "CERN-2017-002-M, CERN-2017-002",
    doi = "10.23731/CYRM-2017-002",
    volume = "2/2017",
    month = "10",
    year = "2016"
}
@article{Brivio:2017vri,
    author = "Brivio, Ilaria and Trott, Michael",
    title = "{The Standard Model as an Effective Field Theory}",
    eprint = "1706.08945",
    archivePrefix = "arXiv",
    primaryClass = "hep-ph",
    doi = "10.1016/j.physrep.2018.11.002",
    journal = "Phys. Rept.",
    volume = "793",
    pages = "1--98",
    year = "2019"
}
@article{Ellis:2020unq,
    author = "Ellis, John and Madigan, Maeve and Mimasu, Ken and Sanz, Veronica and You, Tevong",
    title = "{Top, Higgs, Diboson and Electroweak Fit to the Standard Model Effective Field Theory}",
    eprint = "2012.02779",
    archivePrefix = "arXiv",
    primaryClass = "hep-ph",
    reportNumber = "KCL-PH-TH/2020-73, CERN-TH-2020-202",
    doi = "10.1007/JHEP04(2021)279",
    journal = "JHEP",
    volume = "04",
    pages = "279",
    year = "2021"
}
@article{Brivio:2017btx,
    author = "Brivio, Ilaria and Jiang, Yun and Trott, Michael",
    title = "{The SMEFTsim package, theory and tools}",
    eprint = "1709.06492",
    archivePrefix = "arXiv",
    primaryClass = "hep-ph",
    doi = "10.1007/JHEP12(2017)070",
    journal = "JHEP",
    volume = "12",
    pages = "070",
    year = "2017"
}
@article{Giani:2023gfq,
    author = "Giani, Tommaso and Magni, Giacomo and Rojo, Juan",
    title = "{SMEFiT: a flexible toolbox for global interpretations of particle physics data with effective field theories}",
    eprint = "2302.06660",
    archivePrefix = "arXiv",
    primaryClass = "hep-ph",
    reportNumber = "Nikhef-2022-023",
    doi = "10.1140/epjc/s10052-023-11534-7",
    journal = "Eur. Phys. J. C",
    volume = "83",
    number = "5",
    pages = "393",
    year = "2023"
}